@ONLINE{ceska-slova,
title={Seznam českých slov},
url={http://szj.cz/seznam-ceskych-podstatnych-jmen},
urldate={2023-03-23},
hyphenation={czech}
}

@ONLINE{mediapipe-example,
title={Hand gesture recognition},
url={https://github.com/kinivi/hand-gesture-recognition-mediapipe},
urldate={2025-03-23},
hyphenation={english}
}

@ONLINE{blender,
title={Blender},
url={https://www.blender.org},
urldate={2025-03-23},
hyphenation={english}
}

@ONLINE{mixamo,
title={Mixamo},
url={https://www.mixamo.com},
urldate={2025-03-23},
hyphenation={english}
}

@ONLINE{mediapipe,
title={MediaPipe},
url={https://ai.google.dev/mediapipe},
urldate={2025-03-23},
hyphenation={english}
}

@ONLINE{tensorflow,
title={TensorFlow},
url={https://www.tensorflow.org},
urldate={2025-03-23},
hyphenation={english}
}

@ONLINE{tensorflow-tfdf,
title={TensorFlow Decision Forests},
url={https://www.tensorflow.org/decision_forests},
urldate={2025-03-23},
hyphenation={english}
}

@ONLINE{svelte,
title={Svelte},
url={https://svelte.dev},
urldate={2025-03-23},
hyphenation={english}
}

@ONLINE{flowbite,
title={Flowbite svelte},
url={https://flowbite-svelte.com},
urldate={2025-03-23},
hyphenation={english}
}

@ONLINE{threejs,
title={Three.js},
url={https://threejs.org},
urldate={2025-03-23},
hyphenation={english}
}

@ONLINE{threlte,
title={Threlte},
url={https://threlte.xyz},
urldate={2025-03-23},
hyphenation={english}
}

@ONLINE{gbdt,
title={Gradient Boosted Decision Trees},
url={https://developers.google.com/machine-learning/decision-forests/intro-to-gbdt},
urldate={2025-03-23},
hyphenation={english}
}

@ONLINE{prstova-abeceda,
  author = {Zuzana Šimčíková},
  year = {2012},
  title = {Prstová abeceda a její role ve vzdělávání žáků se sluchovým postižením na 1. stupni základní školy},
  urldate={2025-03-23},
  url = {https://library.upol.cz/arl-upol/cs/csg/?repo=upolrepo&key=44081307441}, 
  hyphenation = {czech} 
}


@ARTICLE{benchmark-article,
  author = {Jungpil Shin and Akitaka Matsuoka and Md. Al Mehedi Hasan and Azmain Yakin Srizon},
  year = {2021},
  title = {American Sign Language Alphabet Recognition by Extracting Feature from Hand Pose Estimation},
  journal= {Sensors},
  urldate={2025-03-23},
  url = {https://www.mdpi.com/1424-8220/21/17/5856}, 
  hyphenation = {english} 
}

@ONLINE{tamtam,
title={Aplikace Znakujte s Tamtamem},
url={https://www.tamtam.cz/co-delame/mobilni-aplikace},
urldate={2025-03-23},
hyphenation={czech}
}

@ONLINE{handtalk,
title={Aplikace Hand Talk Translator},
url={https://www.handtalk.me/en/app},
urldate={2025-03-23},
hyphenation={english}
}

@ONLINE{pocket-sign,
title={Aplikace Sign Langauge ASL Pocket Sign},
url={https://play.google.com/store/apps/details?id=com.mobireactor.signlanguage},
urldate={2025-03-23},
hyphenation={english}
}

@ONLINE{spreadthesign,
title={Webová stránka spreadthesign},
url={https://www.spreadthesign.com},
urldate={2025-03-23},
hyphenation={english}
}

@ONLINE{ruce.cz,
title={Webová stránka ruce.cz},
url={http://ruce.cz},
urldate={2025-03-23},
hyphenation={czech}
}

@ONLINE{tailwind,
title={Tailwind css},
url={https://tailwindcss.com},
urldate={2025-03-23},
hyphenation={english}
}

@ONLINE{ollama,
title={Aplikace ollama},
url={https://ollama.com},
urldate={2025-03-23},
hyphenation={english}
}


@ONLINE{open-ai,
title={Platforma OpenAI},
url={https://platform.openai.com},
urldate={2025-03-23},
hyphenation={english}
}



